
@MISC{Pereira2012,
   author     = "Carla Roberta Pereira and Miguel Antonio Bueno da Costa",
   title      = "Open Access A system simulation model applied to the production schedule of a fish processing facility",
   year       = "2012",
   pages      = "972-1001(30)",
   doi        = "https://doi.org/10.14488/1676-1901.v12i4",
   publisher  = "Directory of Open Access Journals"
 }

@ONLINE{Arena,
  author  = "Rockwell Automation",
  title   = "Arena Tutorial",
  year    = "2018",
  url     = "http://www.vms-technology.com/book/arena/download/arena_tutorial.pdf",
  note    = "Acessado em: 2018-09-05"
}

@ONLINE{Princeton,
  author  = "Robert Sedgewick and Kevin Wayne",
  title   = "Algorithm 4th Edition - Event Driven Simulation",
  year    = "2018",
  url     = "https://algs4.cs.princeton.edu/61event/",
  note    = "Acessado em: 2018-10-02"
}

@ARTICLE{Estatistica,
  author  = "Pocinho, Margarida",
  year    = "2009",
  month   = "01",
  pages   = "1-82",
  title   = "Estatistica: teoria e exercicios passo a passo. Volume I",
  volume  = "I"
}

@BOOK{Tamanho,
  author    = "Taro Yamane", 
  title     = "{STATISTICS;} An Introductory Analysis",
  publisher = "Harper \& Row New York",
  year      = "1973",
  edition   = "3",
  isbn      = "0060473134"
}

@BOOK{Desvios,
  author    = "Dennis J. Sweeney and Thomas A. Williams and David R. Anderson", 
  title     = "Estatística Aplicada à administração e economia",
  publisher = "Cengage CTP",
  year      = "2013",
  edition   = "1",
  isbn      = "8522112819"
}

@BOOK{Distribuicoes,
  author    = "Averill M. Law", 
  title     = "Simulation Modeling and Analysis",
  publisher = "McGraw-Hill Education",
  year      = "2014",
  edition   = "5",
  isbn      = "0073401323"
}

@BOOK{Sturges,
  author    = "Pedro Alberto Barbetta and Antonio Cezar Bornia and Marcelo Menezes Reis", 
  title     = "Estatística para Cursos de Engenharia e Informática",
  publisher = "Atlas",
  year      = "2010",
  edition   = "3",
  isbn      = "9788522459940"
}

@BOOK{Freitas,
  author    = "Paulo José de Freitas Filho", 
  title     = "Introdução à Modelagem e Simulação de Sistemas",
  publisher = "Vidual Books",
  year      = "2008",
  edition   = "2",
  isbn      = "9788575022283"
}

@BOOK{Montgomery,
  author    = "Douglas C. Montgomery", 
  title     = "Design and Analysis of Experiments",
  publisher = "John Wiley and Sons",
  year      = "2005",
  edition   = "6",
  isbn      = "0-471-48735-X"
}